<record xmlns="http://www.loc.gov/MARC21/slim">
  <leader>01430ntm a2200349Ii 4500</leader>
  <controlfield tag="001">7105415</controlfield>
  <controlfield tag="003">OCoLC</controlfield>
  <controlfield tag="005">20150826015033.0</controlfield>
  <controlfield tag="008">150826s1949    abca     bm   000 0 eng d</controlfield>
  <datafield tag="035" ind1=" " ind2=" ">
    <subfield code="a">ocn921228109</subfield>
  </datafield>
  <datafield tag="040" ind1=" " ind2=" ">
    <subfield code="a">AEU</subfield>
    <subfield code="b">eng</subfield>
    <subfield code="e">rda</subfield>
    <subfield code="c">LTSCA</subfield>
    <subfield code="d">AEU</subfield>
  </datafield>
  <datafield tag="050" ind1=" " ind2="4">
    <subfield code="a">TA711.5</subfield>
    <subfield code="b">.B37 1949</subfield>
  </datafield>
  <datafield tag="090" ind1=" " ind2=" ">
    <subfield code="a">TA 711.5 B37 1949 folio</subfield>
    <subfield code="b">AEU</subfield>
  </datafield>
  <datafield tag="100" ind1="1" ind2=" ">
    <subfield code="a">Baracos, A.,</subfield>
    <subfield code="e">author.</subfield>
  </datafield>
  <datafield tag="245" ind1="1" ind2="3">
    <subfield code="a">An investigation of certain strength-moisture relationships of partially saturated, undisturbed cohesive soils /</subfield>
    <subfield code="c">by Andrew Baracos.</subfield>
  </datafield>
  <datafield tag="264" ind1=" " ind2="0">
    <subfield code="a">Edmonton, Alberta :</subfield>
    <subfield code="b">University of Alberta,</subfield>
    <subfield code="c">[1949]</subfield>
  </datafield>
  <datafield tag="300" ind1=" " ind2=" ">
    <subfield code="a">104 leaves :</subfield>
    <subfield code="b">illustrations ;</subfield>
    <subfield code="c">36 cm</subfield>
  </datafield>
  <datafield tag="336" ind1=" " ind2=" ">
    <subfield code="a">text</subfield>
    <subfield code="b">txt</subfield>
    <subfield code="2">rdacontent</subfield>
  </datafield>
  <datafield tag="337" ind1=" " ind2=" ">
    <subfield code="a">unmediated</subfield>
    <subfield code="b">n</subfield>
    <subfield code="2">rdamedia</subfield>
  </datafield>
  <datafield tag="338" ind1=" " ind2=" ">
    <subfield code="a">volume</subfield>
    <subfield code="b">nc</subfield>
    <subfield code="2">rdacarrier</subfield>
  </datafield>
  <datafield tag="500" ind1=" " ind2=" ">
    <subfield code="a">A thesis submitted to the Faculty of Graduate School of the University of Alberta in partial fulfillment of the requirements for the degree of Master of Science.</subfield>
  </datafield>
  <datafield tag="500" ind1=" " ind2=" ">
    <subfield code="a">&quot;April 1949.&quot;</subfield>
  </datafield>
  <datafield tag="502" ind1=" " ind2=" ">
    <subfield code="b">M.Sc.</subfield>
    <subfield code="c">University of Alberta</subfield>
    <subfield code="d">1949</subfield>
  </datafield>
  <datafield tag="504" ind1=" " ind2=" ">
    <subfield code="a">Includes bibliographical references (leaf 104).</subfield>
  </datafield>
  <datafield tag="596" ind1=" " ind2=" ">
    <subfield code="a">38</subfield>
  </datafield>
  <datafield tag="650" ind1=" " ind2="0">
    <subfield code="a">Soil-structure interaction.</subfield>
  </datafield>
  <datafield tag="650" ind1=" " ind2="0">
    <subfield code="a">Soil mechanics.</subfield>
  </datafield>
  <datafield tag="650" ind1=" " ind2="0">
    <subfield code="a">Soil stabilization.</subfield>
  </datafield>
  <datafield tag="650" ind1=" " ind2="0">
    <subfield code="a">Soil conservation.</subfield>
  </datafield>
  <datafield tag="710" ind1="2" ind2=" ">
    <subfield code="a">University of Alberta.</subfield>
    <subfield code="b">Faculty of Engineering.</subfield>
  </datafield>
  <datafield tag="949" ind1=" " ind2=" ">
    <subfield code="a">TA 711.5 B37 1949 folio</subfield>
    <subfield code="h">UABA-NL-B</subfield>
    <subfield code="i">0162034167245</subfield>
    <subfield code="o">B29755</subfield>
    <subfield code="z">OCLC_ORIG</subfield>
  </datafield>
  <datafield tag="926" ind1=" " ind2=" ">
    <subfield code="a">UABARD</subfield>
    <subfield code="b">ON_SHELF</subfield>
    <subfield code="c">TA 711.5 B37 1949 folio</subfield>
    <subfield code="d">NO_LOAN</subfield>
    <subfield code="f">1</subfield>
  </datafield>
</record>
